<?xml version="1.0" encoding="UTF-8"?><collection xmlns="http://www.loc.gov/MARC21/slim"><record><leader>00484nam--2200193-u-4500</leader><controlfield tag="001">000052089</controlfield><controlfield tag="002">20161230</controlfield><controlfield tag="005">20161230201049</controlfield><controlfield tag="008">090624s1000------------r-----000-0-eng-d</controlfield><datafield ind1=" " ind2=" " tag="040"><subfield code="a">IFIN-HH</subfield></datafield><datafield ind1=" " ind2=" " tag="080"><subfield code="a">517.986.6</subfield></datafield><datafield ind1="1" ind2=" " tag="100"><subfield code="a">Daubechies,Ingrid</subfield></datafield><datafield ind1="1" ind2=" " tag="245"><subfield code="a">Then Lectures on Wavelets</subfield></datafield><datafield ind1=" " ind2=" " tag="260"><subfield code="a">Philadelphia</subfield><subfield code="c">1992</subfield></datafield><datafield ind1=" " ind2=" " tag="300"><subfield code="a">357 p</subfield></datafield><datafield ind1=" " ind2=" " tag="504"><subfield code="a">Includes Bibliographical References and Index</subfield></datafield><datafield ind1=" " ind2="4" tag="650"><subfield code="a">Wavelets</subfield></datafield><datafield ind1=" " ind2=" " tag="852"><subfield code="a">82214</subfield><subfield code="c">517</subfield></datafield><datafield ind1=" " ind2=" " tag="CAT"><subfield code="a">Sys</subfield><subfield code="c">20090624</subfield><subfield code="h">064444</subfield></datafield></record></collection>